@article{Holt85,
 author = {Holt, D. F.},
 title = {The mechanical computation of first and second cohomology groups},
 fjournal = {Journal of Symbolic Computation},
 journal = {J. Symb. Comput.},
 issn = {0747-7171},
 volume = {1},
 pages = {351--361},
 year = {1985},
 language = {English},
 doi = {10.1016/S0747-7171(85)80020-1},
 keywords = {20J06,20C25,20-04,20F05},
 zbMATH = {3941803},
 Zbl = {0587.20035}
}
